@article{article,
author = {Yau, K. and Yeomans, Donald and Weissman, Paul},
year = {1993},
month = {12},
pages = {305-316},
title = {The past and future motion of Comet P/Swift-Tuttle},
volume = {266},
journal = {Monthly Notices of the Royal Astronomical Society},
doi = {10.1093/mnras/266.2.305}
}
@ARTICLE{1995EM&P...68...71C,
       author = {{Carusi}, A. and {Kres{\'a}k}, {\v{L}}. and {Valsecchi}, G.~B.},
        title = "{Conservation of the Tisserand Parameter at Close Encounters of Interplanetary Objects with Jupiter}",
      journal = {Earth Moon and Planets},
         year = 1995,
        month = jan,
       volume = {68},
       number = {1-3},
        pages = {71-94},
          doi = {10.1007/BF00671499},
       adsurl = {https://ui.adsabs.harvard.edu/abs/1995EM&P...68...71C},
      adsnote = {Provided by the SAO/NASA Astrophysics Data System}
}

